@article{reynolds2007honeybees,
  title={Honeybees perform optimal scale-free searching flights when attempting to locate a food source},
  author={Reynolds, Andrew M and Smith, Alan D and Reynolds, Don R and Carreck, Norman L and Osborne, Juliet L},
  journal={Journal of Experimental Biology},
  volume={210},
  number={21},
  pages={3763--3770},
  year={2007},
  publisher={Company of Biologists}
}

@article{viswanathan1999optimizing,
  title={Optimizing the success of random searches},
  author={Viswanathan, Gandimohan M and Buldyrev, Sergey V and Havlin, Shlomo and Da Luz, MGE and Raposo, EP and Stanley, H Eugene},
  journal={nature},
  volume={401},
  number={6756},
  pages={911--914},
  year={1999},
  publisher={Nature Publishing Group}
}